@article{claerbout_muir1973,
	author = {Jon F. Claerbout and Francis Muir},
	title = {ROBUST MODELING WITH ERRATIC DATA},
	journal = {Geophysics},
	volume = {38},
	number = {5},
	pages = {826-844},
	year = {1973},
	doi = {10.1190/1.1440378}
}


@article{plouff1976,
	issn = {0016-8033},
	journal = {Geophysics},
	pages = {727--741},
	volume = {41},
	publisher = {Society of Exploration Geophysicists},
	number = {4},
	year = {1976},
	title = {Gravity and magnetic fields of polygonal prisms and application to magnetic terrain corrections},
	author = {Plouff, D.},
	doi = {10.1190/1.1440645}
}


@article{silva_hohmann1983,
	author = {Jo{\~a}o B.C. Silva and Gerald W. Hohmann},
	title = {Nonlinear magnetic inversion using a random search method},
	journal = {Geophysics},
	volume = {48},
	number = {12},
	pages = {1645-1658},
	year = {1983},
	doi = {10.1190/1.1441445}
}


@article{scales_gersztenkorn1988,
	doi = {10.1088/0266-5611/4/4/010},
	year = {1988},
	month = {oct},
	publisher = {{IOP} Publishing},
	volume = {4},
	number = {4},
	pages = {1071--1091},
	author = {J A Scales and A Gersztenkorn},
	title = {Robust methods in inverse theory},
	journal = {Inverse Problems},
}


@article{silva_cutrim1989,
	title = "A robust maximum likelihood method for gravity and magnetic interpretation",
	journal = "Geoexploration",
	volume = "26",
	number = "1",
	pages = "1 - 31",
	year = "1989",
	issn = "0016-7142",
	doi = "10.1016/0016-7142(89)90017-3",
	author = "Jo{\~a}o B.C Silva and Alter{\^e}do O Cutrim"
}


@article{farquharson_oldenburg1998,
	author = {Farquharson, Colin G. and Oldenburg, Douglas W.},
	title = "{Non-linear inversion using general measures of data misfit and model structure}",
	journal = {Geophysical Journal International},
	volume = {134},
	number = {1},
	pages = {213-227},
	year = {1998},
	month = {07},
	issn = {0956-540X},
	doi = {10.1046/j.1365-246x.1998.00555.x}
}


@article{barbosa_etal1999,
	author = {Val{\'e}ria C. F. Barbosa and Jo{\~a}o B. C. Silva and Walter E. Medeiros},
	title = {Stable inversion of gravity anomalies of sedimentary basins with nonsmooth basement reliefs and arbitrary density contrast variations},
	journal = {Geophysics},
	volume = {64},
	number = {3},
	pages = {754-764},
	year = {1999},
	doi = {10.1190/1.1444585}
}


@book{seber_wild2003,
	Author = {G A F Seber and C J Wild},
	Title = {Nonlinear regression},
	Publisher = {John Wiley \& Sons, Inc.},
	adress = {Hoboken, New Jersey},
	Year = {2003},
	edition={1},
	ISBN = {0-471-47135-6}
}


@article{oliveirajr_etal2011,
	issn = {0956-540X},
	journal = {Geophysical Journal International},
	pages = {754--772},
	volume = {187},
	publisher = {Blackwell Publishing Ltd},
	number = {2},
	year = {2011},
	title = {Source geometry estimation using the mass excess criterion to constrain {3‚ÄêD} radial inversion of gravity data},
	author = {Oliveira{ }Jr., Vanderlei C. and Barbosa, Val{\'e}ria C. F. and Silva, Jo{\~a}o B. C.},
	doi = {10.1111/j.1365-246X.2011.05172.x}
}


@article{uieda_barbosa2012,
	author = {Leonardo Uieda and Val{\'e}ria C. F. Barbosa},
	title = {Robust 3D gravity gradient inversion by planting anomalous densities},
	journal = {Geophysics},
	volume = {77},
	number = {4},
	pages = {G55-G66},
	year = {2012},
	doi = {10.1190/geo2011-0388.1}
}


@article{oliveirajr_barbosa2013,
	issn = {0956-540X},
	journal = {Geophysical Journal International},
	pages = {883--902},
	volume = {195},
	publisher = {Oxford University Press},
	number = {2},
	year = {2013},
	title = {{3-D} radial gravity gradient inversion},
	author = {Oliveira{ }Jr., Vanderlei C. and Barbosa, Val{\'e}ria C. F.},
	doi={10.1093/gji/ggt307}
}


@InProceedings{uieda-etal2013,
	author    = { Leonardo Uieda and Vanderlei C. Oliveira{ }Jr. and Val{\'e}ria C. F. Barbosa },
	title     = { Modeling the Earth with Fatiando a Terra },
	booktitle = { Proceedings of the 12th Python in Science Conference },
	pages     = { 96--103},
	year      = { 2013 },
	editor    = { St{\'e}fan van der Walt and Jarrod Millman and Katy Huff },
	doi = {10.25080/Majora-8b375195-010}
}


@article{oliveirajr_etal2015,
	AUTHOR = {Oliveira{ }Jr., V. C. and Sales, D. P. and Barbosa, V. C. F. and Uieda, L.},
	TITLE = {Estimation of the total magnetization direction of approximately spherical bodies},
	JOURNAL = {Nonlinear Processes in Geophysics},
	VOLUME = {22},
	YEAR = {2015},
	NUMBER = {2},
	PAGES = {215--232},
	DOI = {10.5194/npg-22-215-2015}
}


@inbook{vital_etal2019,
	author = {Leonardo B. Vital and Vanderlei C. Oliveira{ }Jr. and Val{\'e}ria C. F. Barbosa},
	title = {Radial magnetic inversion to retrieve the geometry of 3D sources},
	booktitle = {SEG Technical Program Expanded Abstracts 2019},
	chapter = {},
	pages = {1754-1758},
	year = {2019},
	doi = {10.1190/segam2019-3215805.1}
}


@book{aster_etal2019,
	Author = {Richard C. Aster and Brian Borchers and Clifford H. Thurber},
	Title = {Parameter Estimation and Inverse Problems},
	Publisher = {Elsevier},
	Year = {2019},
	edition={3},
	ISBN = {978-0-12-804651-7}
}